@inproceedings{Zhong,
 author = {Zhong, Hao and Su, Zhendong},
 title = {Detecting API Documentation Errors},
 booktitle = {Proceedings of the International Conference on Object Oriented Programming Systems Languages \&\#38; Applications},
 year = {2013},
 pages = {803--816}
 } 

@INPROCEEDINGS{Bacchelli, 
author={Bacchelli, A. and Ponzanelli, L. and Lanza, M.}, 
booktitle={Proceedings of the International Workshop on Recommendation Systems for Software Engineering}, 
title={Harnessing Stack Overflow for the IDE}, 
year={2012}, 
month={June}, 
pages={26-30}
}

@inproceedings{Cottrell1,
 author = {Cottrell, R. and Walker, R. J. and Denzinger, J.},
 title = {Semi-automating Small-scale Source Code Reuse via Structural Correspondence},
 booktitle = {Proceedings of the International Symposium on Foundations of Software Engineering},
 year = {2008},
 pages = {214--225}
}

@INPROCEEDINGS{Cottrell2, 
author={Cottrell, R. and Goyette, B. and Holmes, R. and Walker, R.J. and Denzinger, J.}, 
booktitle={Proceeding of the International Workshop on Visualizing Software for Understanding and Analysis}, 
title={Compare and contrast: Visual exploration of source code examples}, 
year={2009}, 
pages={29-32} 
} 

@INPROCEEDINGS{Holmes1, 
author={Holmes, R. and Murphy, G.C.}, 
booktitle={Software Engineering, 2005. ICSE 2005. Proceedings. 27th International Conference on}, 
title={Using structural context to recommend source code examples}, 
year={2005}
}

@inproceedings{Holmes2,
 author = {Holmes, Reid and Walker, Robert J. and Murphy, Gail C.},
 title = {Strathcona Example Recommendation Tool},
 booktitle = {Proceedings of the International Symposium on Foundations of Software Engineering},
 year = {2005},
 pages = {237--240}
 } 
 
 @INPROCEEDINGS{Holmes3, 
author={Holmes, R. and Cottrell, R. and Walker, R.J. and Denzinger, J.}, 
booktitle={Proceedings of the International Conference on Software Maintenance}, 
title={The end-to-end use of source code examples: An exploratory study}, 
year={2009}, 
pages={555-558}
}

@article{Holmes4,
 author = {Holmes, R. and Walker, R. J.},
 title = {Systematizing Pragmatic Software Reuse},
 journal = {ACM Transaction on Software Engineering Methodology},
 volume = {21},
 number = {4},
 year = {2013},
 pages = {20:1--20:44}
 } 

 
 @inproceedings{Mandelin,
 author = {Mandelin, David and Xu, Lin and Bod\'{\i}k, Rastislav and Kimelman, Doug},
 title = {Jungloid Mining: Helping to Navigate the API Jungle},
 booktitle = {Proceedings of the Conference on Programming Language Design and Implementation},
 year = {2005},
 pages = {48--61}
 } 
 
 @inproceedings{Thummalapenta,
 author = {Thummalapenta, S. and Xie, T.},
 title = {Parseweb: A Programmer Assistant for Reusing Open Source Code on the Web},
 booktitle = {Proceedings of the International Conference on Automated Software Engineering},
 year = {2007},
 pages = {204--213}
} 

@INPROCEEDINGS{Nasehi, 
author={Nasehi, S.M. and Sillito, J. and Maurer, F. and Burns, C.}, 
booktitle={Proceedings of the International Conference on Software Maintenance}, 
title={What makes a good code example?: A study of programming Q amp;A in StackOverflow}, 
year={2012}, 
month={Sept},
pages={25-34}}

@inproceedings{Parnin,
 author = {Parnin, C. and Treude, C.},
 title = {Measuring API Documentation on the Web},
 booktitle = {Proceedings of the International Workshop on Web 2.0 for Software Engineering},
 year = {2011},
 pages = {25--30}
 }
 
 @inproceedings{Treude,
 author = {Treude, C. and Barzilay, O. and Storey, M.},
 title = {How Do Programmers Ask and Answer Questions on the Web? (NIER Track)},
 booktitle = {Proceedings of the International Conference on Software Engineering},
 year = {2011},
 pages = {804--807}
 } 
  

@article{Egele,
 author = {Egele, M. and Scholte, T. and Kirda, E. and Kruegel, C.},
 title = {A Survey on Automated Dynamic Malware-analysis Techniques and Tools},
 journal = {ACM Computation Surveys},
 volume = {44},
 number = {2},
 year = {2008},
 pages = {6:1--6:42}
 } 
 
 @INPROCEEDINGS{Kononenko, 
author={Kononenko, O. and Dietrich, D. and Sharma, R. and Holmes, R.}, 
booktitle={Proceedings of the Symposium on Visual Languages and Human-Centric Computing}, 
title={Automatically locating relevant programming help online}, 
year={2012}, 
pages={127-134}
}

@article{Rosson,
 author = {Rosson, M. B. and Carroll, J. M.},
 title = {The Reuse of Uses in Smalltalk Programming},
 journal = {ACM Transaction of Computer-Human Interaction},
 volume = {3},
 number = {3},
 year = {1996},
 pages = {219--253}
 } 

@inproceedings{Brandt,
 author = {Brandt, J. and Guo, P. J. and Lewenstein, J. and Dontcheva, M. and Klemmer, S. R.},
 title = {Two Studies of Opportunistic Programming: Interleaving Web Foraging, Learning, and Writing Code},
 booktitle = {Proceedings of the Conference on Human Factors in Computing Systems},
 year = {2009},
 pages = {1589--1598}
} 

@article{Robillard,
 author = {Robillard, M. P. and Deline, R.},
 title = {A Field Study of API Learning Obstacles},
 journal = {Empirical Software Engineering},
 volume = {16},
 number = {6},
 year = {2011},
 pages = {703--732}
} 
@inproceedings{Hou,
 author = {Hou, D. and Jacob, F. and Jablonski, P.},
 title = {Exploring the Design Space of Proactive Tool Support for Copy-and-paste Programming},
 booktitle = {Proceedings of the Conference of the Center for Advanced Studies on Collaborative Research},
 year = {2009},
 pages = {188--202}
 } 
@inproceedings{subramanian2014live,
  title={Live API documentation.},
  author={Subramanian, Siddharth and Inozemtseva, Laura and Holmes, Reid},
  booktitle={ICSE},
  pages={643--652},
  year={2014}
}
@inproceedings{cohen2003comparison,
  title={A comparison of string metrics for matching names and records},
  author={Cohen, William and Ravikumar, Pradeep and Fienberg, Stephen},
  booktitle={KDD Workshop on Data Cleaning and Object Consolidation},
  volume={3},
  pages={73--78},
  year={2003}
}